<?xml version="1.0" encoding="UTF-8"?><collection xmlns="http://www.loc.gov/MARC21/slim"><record><leader>00291nam--2200121-i-4500</leader><controlfield tag="001">000016577</controlfield><controlfield tag="002">20161230</controlfield><controlfield tag="005">20161230201031</controlfield><controlfield tag="008">060222s1000------------r-----000-0-eng-d</controlfield><datafield ind1=" " ind2=" " tag="100"><subfield code="a">Onac, Silvia</subfield></datafield><datafield ind1=" " ind2=" " tag="245"><subfield code="a">Crysz, czeslaw jan</subfield></datafield><datafield ind1=" " ind2=" " tag="260"><subfield code="a">Rodes, Barbara K</subfield></datafield><datafield ind1=" " ind2=" " tag="490"><subfield code="a">California, W.W.F./Pag. Dif.</subfield></datafield></record></collection>